<record><leader>00000cas a22000007a 4500</leader><controlfield tag="001">29516848</controlfield><controlfield tag="008">931217d19021902nmuwr ne      0    0spa d</controlfield><datafield ind1=" " ind2=" " tag="010"><subfield code="a">sn 93061756 </subfield></datafield><datafield ind1=" " ind2=" " tag="040"><subfield code="a">NVM</subfield><subfield code="b">eng</subfield><subfield code="c">NVM</subfield><subfield code="d">OCLCQ</subfield><subfield code="d">OCLCF</subfield><subfield code="d">DLC</subfield><subfield code="d">OCLCO</subfield></datafield><datafield ind1="1" ind2=" " tag="029"><subfield code="a">AU@</subfield><subfield code="b">000025872502</subfield></datafield><datafield ind1=" " ind2=" " tag="042"><subfield code="a">msc</subfield></datafield><datafield ind1=" " ind2=" " tag="043"><subfield code="a">n-us-nm</subfield></datafield><datafield ind1="0" ind2="3" tag="245"><subfield code="a">La revista de Taos.</subfield></datafield><datafield ind1=" " ind2=" " tag="260"><subfield code="a">Taos, Nuevo Me&#769;xico :</subfield><subfield code="b">Antonio J. Baca</subfield></datafield><datafield ind1=" " ind2=" " tag="300"><subfield code="a">v.</subfield></datafield><datafield ind1=" " ind2=" " tag="310"><subfield code="a">Weekly</subfield></datafield><datafield ind1="0" ind2=" " tag="362"><subfield code="a">T. 1, no. 1 (15 de marzo de 1902)-t. 1, no. 16 (28 de jun. de 1902).</subfield></datafield><datafield ind1=" " ind2=" " tag="546"><subfield code="a">In Spanish.</subfield></datafield><datafield ind1=" " ind2="0" tag="651"><subfield code="a">Taos (N.M.)</subfield><subfield code="v">Newspapers.</subfield></datafield><datafield ind1=" " ind2="0" tag="651"><subfield code="a">Taos County (N.M.)</subfield><subfield code="v">Newspapers.</subfield></datafield><datafield ind1=" " ind2="7" tag="651"><subfield code="a">New Mexico</subfield><subfield code="z">Taos.</subfield><subfield code="2">fast</subfield><subfield code="0">(OCoLC)fst01208684</subfield></datafield><datafield ind1=" " ind2="7" tag="651"><subfield code="a">New Mexico</subfield><subfield code="z">Taos County.</subfield><subfield code="2">fast</subfield><subfield code="0">(OCoLC)fst01221052</subfield></datafield><datafield ind1=" " ind2="7" tag="655"><subfield code="a">Newspapers.</subfield><subfield code="2">fast</subfield><subfield code="0">(OCoLC)fst01423814</subfield></datafield><datafield ind1=" " ind2=" " tag="752"><subfield code="a">United States</subfield><subfield code="b">New Mexico</subfield><subfield code="c">Taos</subfield><subfield code="d">Taos.</subfield></datafield><datafield ind1="0" ind2="7" tag="785"><subfield code="t">Taos cresset</subfield><subfield code="w">(DLC)sn 92070444</subfield></datafield><datafield ind1="0" ind2="7" tag="785"><subfield code="t">Revista de Taos and the Taos cresset</subfield><subfield code="w">(DLC)sn 93061755</subfield></datafield></record>